@book{4.1.2:14,
  author       = {Peebles, Jr, Peyton Z.},
  title        = {Probability, Random Variables, and Random Signal Principles},
  edition      = {4},
  address      = {New York},
  publisher    = {McGraw-Hill},
  year         = {2001},
}
