@article{jon88,
  author       = {Jones},
  title        = {Title},
  journal      = {Journal},
  year         = {1988},
}

@article{jon89,
  author       = {Jones and Baker},
  title        = {Title},
  journal      = {Journal},
  year         = {1989},
}

@article{jon90,
  author       = {Jones and Baker and Williams},
  title        = {Title},
  journal      = {Journal},
  year         = {1990},
}

@article{lzp1,
  author       = {李泽平},
  key          = {li3 ze2 ping2},
  title        = {题名},
  journal      = {期刊},
  year         = {2016},
}

@article{lzp2,
  author       = {李泽平 and 泽平李},
  key          = {li3 ze2 ping2 & ze2 ping2 li3},
  title        = {题名},
  journal      = {期刊},
  year         = {2017},
}

@article{lzp3,
  author       = {李泽平 and 泽平李 and 平泽李},
  key          = {li3 ze2 ping2 & ze2 ping2 li3 & ping2 ze2 li3},
  title        = {题名},
  journal      = {期刊},
  year         = {2018},
}

@article{jam91,
  author       = {James and Baker and Williams},
  title        = {Title},
  journal      = {Journal},
  year         = {1991},
}

@article{jon91,
  author       = {Jones and Baker and Williams},
  title        = {Title},
  journal      = {Journal},
  year         = {1991},
}

@article{jon92a,
  author       = {Jones and Baker and Williams},
  title        = {Title},
  journal      = {Journal},
  year         = {1992},
}

@article{jon92b,
  author       = {Jones and Baker and Williams},
  title        = {Title},
  journal      = {Journal},
  year         = {1992},
}
